@InProceedings{Glavas:17,
	author = {Goran Glava\v{s} and Federico Nanni and Simone Paolo Ponzetto},
	title = "Cross-Lingual Classification of Topics on Political Texts",
	booktitle = "Proceedings of the Second Workshop on Natural Language Processing and Computational Social Science",
	year = "2017",
	publisher = "Association for Computational Linguistics",
	pages = "42--46",
	location = "Vancouver, Canada",
	url = "http://www.aclweb.org/anthology/W17-2906"
}

@InProceedings{Karan:16,
	author = {Mladen Karan and Jan \v{S}najder and Daniela \v{S}irini\'{c} and Goran Glava\v{s}},
	title = "Analysis of Policy Agendas: Lessons Learned from Automatic Topic Classification of Croatian Political Texts",
	booktitle = "Proceedings of the 10th SIGHUM Workshop on Language Technology for Cultural Heritage, Social Sciences and Humanities (LaTeCH)",
	year = "2016",
	publisher = "Association for Computational Linguistics",
	pages = "12--21",
	location = "Berlin, Germany",
	url = "http://www.aclweb.org/anthology/W16-2102"
}

@InProceedings{Martin:15,
	author = "Fiona Martin and Mark Johnson",
	title = "More Efficient Topic Modelling Through a Noun Only Approach",
	booktitle = "Proceedings of Australasian Language Technology Association Workshop",
	year = "2015",
	pages = "111--115",
	url = "http://www.aclweb.org/anthology/U15-1013"
}

@InProceedings{Wermter:02,
	author = {Stefan Wermter and Chihli Hung},
	title = "Selforganizing classification on the Reuters news corpus",
	booktitle = "Proceedings of the 19th international conference on computational linguistics - Volume 1",
	year = "2002",
	doi = "10.3115/1072228.1072315",
	url = "https://pdfs.semanticscholar.org/65c7/813397ff9d4134c9349a57459a6fe71df6c5.pdf"
}

@InProceedings{GloVe,
	author = {Jeffrey Pennington and Richard Socher and Christopher D. Manning},
	title = "GloVe: Global Vectors for Word Representation",
	booktitle = "Empirical Methods in Natural Language Processing (EMNLP)",
	year = "2014",
	pages = "1532--1543",
	url = "http://www.aclweb.org/anthology/D14-1162"
}

@Article{NPR,
	author = {Hannah Bloch},
	title = "A good lead is everything -- here's how to write one",
	journal = "NPR.org",
	month = "October",
	year = "2016",
	url = "https://training.npr.org/digital/leads-are-hard-heres-how-to-write-a-good-one/"
}

@Article{Pew,
	author = {Michael Barthel},
	title = "Despite subscription surges for largest {U.S.} newspapers, circulation and revenue fall for industry overall",
	journal = "PewResearch.org",
	month = "June",
	year = "2017",
	url = "http://www.pewresearch.org/fact-tank/2017/06/01/circulation-and-revenue-fall-for-newspaper-industry/"
}
